% This file was created with JabRef 2.10.
% Encoding: Cp1252


@Book{knuth:84,
  Title                    = {The {\TeX} Book},
  Author                   = {Donald E. Knuth},
  Publisher                = {Addison-Wesley},
  Year                     = {1984},
  Edition                  = {15th},

  Owner                    = {rodrigo},
  Timestamp                = {2016.04.16}
}

